
@misc{adipose,
	title = {Adipose tissue retains an epigenetic memory of obesity after weight loss | Nature},
	url = {https://www.nature.com/articles/s41586-024-08165-7}
}
