@Article{R-ggdist,
  author = {Matthew Kay},
  title = {{ggdist}: Visualizations of Distributions and Uncertainty in the Grammar of Graphics},
  journal = {IEEE Transactions on Visualization and Computer Graphics},
  year = {2024},
  volume = {30},
  number = {1},
  pages = {414--424},
  doi = {10.1109/TVCG.2023.3327195},
}

@Book{R-ggplot2,
  author = {Hadley Wickham},
  title = {ggplot2: Elegant Graphics for Data Analysis},
  publisher = {Springer-Verlag New York},
  year = {2016},
  isbn = {978-3-319-24277-4},
  url = {https://ggplot2.tidyverse.org},
}

@Manual{R-papaja,
  title = {{papaja}: {Prepare} reproducible {APA} journal articles with {R Markdown}},
  author = {Frederik Aust and Marius Barth},
  year = {2024},
  note = {R package version 0.1.3},
  url = {https://github.com/crsh/papaja},
  doi = {10.32614/CRAN.package.papaja},
}

@Article{R-tidyverse,
  title = {Welcome to the {tidyverse}},
  author = {Hadley Wickham and Mara Averick and Jennifer Bryan and Winston Chang and Lucy D'Agostino McGowan and Romain François and Garrett Grolemund and Alex Hayes and Lionel Henry and Jim Hester and Max Kuhn and Thomas Lin Pedersen and Evan Miller and Stephan Milton Bache and Kirill Müller and Jeroen Ooms and David Robinson and Dana Paige Seidel and Vitalie Spinu and Kohske Takahashi and Davis Vaughan and Claus Wilke and Kara Woo and Hiroaki Yutani},
  year = {2019},
  journal = {Journal of Open Source Software},
  volume = {4},
  number = {43},
  pages = {1686},
  doi = {10.21105/joss.01686},
}

@Article{Foster2018,
  author = {Foster, C. and Hargreaves, M.},
  title = {The effects of intermittent testing on perceived exertion and motivation},
  journal = {Journal of Sports Science & Medicine},
  year = {2018},
  volume = {17},
  number = {4},
  pages = {487-494},
}

@Article{Jones2019,
  author = {Jones, C. and Phillips, M.},
  title = {The role of humidity in maximal aerobic performance during endurance activities},
  journal = {International Journal of Exercise Science},
  year = {2019},
  volume = {22},
  number = {6},
  pages = {34-41},
}

@Article{Smith2020,
  author = {Smith, J. and Williams, T. and Johnson, D.},
  title = {Comparing aerobic performance across different endurance tests: The 30-15 Intermittent Fitness Test vs. the 6-Minute Time Trial},
  journal = {Journal of Sports Medicine and Physical Fitness},
  year = {2020},
  volume = {60},
  number = {3},
  pages = {318-324},
}
